@book{BOOK:RS-HANDBOOK,
  place     = {New York, NY},
  title     = {{Recommender Systems Handbook}},
  publisher = {Springer},
  author    = {Ricci, Francesco and Rokach, Lior and Shapira, Bracha and Kantor, Paul B.},
  year      = {2022},
  isbn      = {978-1-0716-2197-4}
}

@inbook{CHAPTER:RS-HANDBOOK-NLP,
  title    = {{Natural Language Processing for Recommender Systems}},
  author   = {Sar Shalom, Oren and Roitman, Haggai and Kouki, Pigi},
  pages    = {447--471},
  crossref = {BOOK:RS-HANDBOOK}
}

@misc{MUI2ICSI_THESIS,
  author = {Javier Wang Zhou},
  title  = {{A Hybrid Conversational Recommender System by integrating LLMs: Conversation Design \& User Profiling for Explainable Recommendations}},
  year   = {2025},
  note   = {Master's Thesis, Universidad Aut\'{o}noma de Madrid.}
}

@article{SOTA-CRS,
  title   = {Conversational recommender systems techniques, tools, acceptance, and adoption: {A} state of the art review},
  journal = {Expert Systems with Applications},
  volume  = {203},
  pages   = {117539},
  year    = {2022},
  issn    = {0957-4174},
  doi     = {https://doi.org/10.1016/j.eswa.2022.117539},
  author  = {Dhanya Pramod and Prafulla Bafna}
}


@article{SOTA-CRS-LLM,
  title     = {{Recommender Systems in the Era of Large Language Models (LLMs)}},
  volume    = {36},
  issn      = {2326-3865},
  url       = {http://dx.doi.org/10.1109/TKDE.2024.3392335},
  doi       = {10.1109/tkde.2024.3392335},
  number    = {11},
  journal   = {IEEE Transactions on Knowledge and Data Engineering},
  publisher = {Institute of Electrical and Electronics Engineers (IEEE)},
  author    = {Zhao, Zihuai and Fan, Wenqi and Li, Jiatong and Liu, Yunqing and Mei, Xiaowei and Wang, Yiqi and Wen, Zhen and Wang, Fei and Zhao, Xiangyu and Tang, Jiliang and Li, Qing},
  year      = {2024},
  month     = nov,
  pages     = {6889–6907}
}


@inproceedings{SOTA-TRANSFORMERS,
  author    = {Vaswani, Ashish and Shazeer, Noam and Parmar, Niki and Uszkoreit, Jakob and Jones, Llion and Gomez, Aidan N and Kaiser, \L ukasz and Polosukhin, Illia},
  booktitle = {Advances in Neural Information Processing Systems},
  editor    = {I. Guyon and U. Von Luxburg and S. Bengio and H. Wallach and R. Fergus and S. Vishwanathan and R. Garnett},
  pages     = {},
  publisher = {Curran Associates, Inc.},
  title     = {{Attention is All you Need}},
  url       = {https://proceedings.neurips.cc/paper_files/paper/2017/file/3f5ee243547dee91fbd053c1c4a845aa-Paper.pdf},
  volume    = {30},
  year      = {2017}
}

@misc{SOTA-RAG-SURVEY,
  title         = {{Retrieval-Augmented Generation for Large Language Models: A Survey}},
  author        = {Yunfan Gao and Yun Xiong and Xinyu Gao and Kangxiang Jia and Jinliu Pan and Yuxi Bi and Yi Dai and Jiawei Sun and Meng Wang and Haofen Wang},
  year          = {2024},
  eprint        = {2312.10997},
  archiveprefix = {arXiv},
  primaryclass  = {cs.CL},
  url           = {https://arxiv.org/abs/2312.10997}
}

@misc{SOTA-ADVANCED-RAG,
  author = {Karzhev, Stanislav},
  month  = {9},
  title  = {{Advanced RAG Techniques}},
  year   = {2024},
  url    = {https://www.datacamp.com/blog/rag-advanced}
}

@inproceedings{SUS,
  title  = {{SUS: A 'Quick and Dirty' Usability Scale}},
  author = {J. B. Brooke},
  year   = {1996},
  url    = {https://api.semanticscholar.org/CorpusID:107686571}
}

@article{QWEN,
  title   = {{Qwen Technical Report}},
  author  = {Jinze Bai and Shuai Bai and Yunfei Chu and Zeyu Cui and Kai Dang and Xiaodong Deng and Yang Fan and Wenbin Ge and Yu Han and Fei Huang and Binyuan Hui and Luo Ji and Mei Li and Junyang Lin and Runji Lin and Dayiheng Liu and Gao Liu and Chengqiang Lu and Keming Lu and Jianxin Ma and Rui Men and Xingzhang Ren and Xuancheng Ren and Chuanqi Tan and Sinan Tan and Jianhong Tu and Peng Wang and Shijie Wang and Wei Wang and Shengguang Wu and Benfeng Xu and Jin Xu and An Yang and Hao Yang and Jian Yang and Shusheng Yang and Yang Yao and Bowen Yu and Hongyi Yuan and Zheng Yuan and Jianwei Zhang and Xingxuan Zhang and Yichang Zhang and Zhenru Zhang and Chang Zhou and Jingren Zhou and Xiaohuan Zhou and Tianhang Zhu},
  journal = {arXiv preprint arXiv:2309.16609},
  year    = {2023}
}

@misc{CRSLAB,
  title         = {{CRSLab}: An Open-Source Toolkit for Building Conversational Recommender System},
  author        = {Kun Zhou and Xiaolei Wang and Yuanhang Zhou and Chenzhan Shang and Yuan Cheng and Wayne Xin Zhao and Yaliang Li and Ji-Rong Wen},
  year          = {2021},
  eprint        = {2101.00939},
  archiveprefix = {arXiv},
  primaryclass  = {cs.CL},
  url           = {https://arxiv.org/abs/2101.00939}
}

@misc{HAYSTACK,
  author       = {Malte Pietsch and Timo Möller and Bogdan Kostic and Julian Risch and Massimiliano Pippi and Mayank Jobanputra and Sara Zanzottera and Silvano Cerza and Vladimir Blagojevic and Thomas Stadelmann and Tanay Soni and Sebastian Lee},
  title        = {Haystack: the end-to-end {NLP} framework for pragmatic builders},
  year         = {2019},
  month        = {November},
  howpublished = {\url{https://github.com/deepset-ai/haystack}},
  url          = {https://github.com/deepset-ai/haystack}
}

@misc{LANGCHAIN,
  author       = {Chase, Harrison},
  title        = {{LangChain}},
  year         = {2022},
  month        = {October},
  howpublished = {\url{https://github.com/langchain-ai/langchain}},
  url          = {https://github.com/langchain-ai/langchain}
}

@misc{LLAMAINDEX,
  author       = {Liu, Jerry},
  doi          = {10.5281/zenodo.1234},
  month        = {11},
  title        = {{LlamaIndex}},
  howpublished = {\url{https://github.com/jerryjliu/llama_index}},
  url          = {https://github.com/jerryjliu/llama_index},
  year         = {2022}
}

@misc{OLLAMA,
  author = {{Ollama developers}},
  title  = {Ollama},
  year   = {2025},
  note   = {Open-source platform for running Large Language Models locally},
  url    = {https://ollama.com/}
}

@misc{LLAMA-CPP,
  author       = {Georgi Gerganov and ggml-org community},
  title        = {{llama.cpp}: {LLM} inference in {C/C}++},
  howpublished = {\url{https://github.com/ggml-org/llama.cpp}},
  year         = {2023},
  note         = {Accessed: 2025-07-02}
}

@inproceedings{VLLM,
  title     = {Efficient Memory Management for Large Language Model Serving with PagedAttention},
  author    = {Woosuk Kwon and Zhuohan Li and Siyuan Zhuang and Ying Sheng and Lianmin Zheng and Cody Hao Yu and Joseph E. Gonzalez and Hao Zhang and Ion Stoica},
  booktitle = {Proceedings of the ACM SIGOPS 29th Symposium on Operating Systems Principles},
  year      = {2023}
}

@misc{RECBOLE,
  title         = {Rec{B}ole: Towards a Unified, Comprehensive and Efficient Framework for Recommendation Algorithms},
  author        = {Wayne Xin Zhao and Shanlei Mu and Yupeng Hou and Zihan Lin and Yushuo Chen and Xingyu Pan and Kaiyuan Li and Yujie Lu and Hui Wang and Changxin Tian and Yingqian Min and Zhichao Feng and Xinyan Fan and Xu Chen and Pengfei Wang and Wendi Ji and Yaliang Li and Xiaoling Wang and Ji-Rong Wen},
  year          = {2021},
  eprint        = {2011.01731},
  archiveprefix = {arXiv},
  primaryclass  = {cs.IR}
}

@article{NUMPY,
  title   = {Array programming with {NumPy}},
  author  = {Charles R. Harris and K. Jarrod Millman and St{\'{e}}fan J.
             van der Walt and Ralf Gommers and Pauli Virtanen and David
             Cournapeau and Eric Wieser and Julian Taylor and Sebastian
             Berg and Nathaniel J. Smith and Robert Kern and Matti Picus
             and Stephan Hoyer and Marten H. van Kerkwijk and Matthew
             Brett and Allan Haldane and Jaime Fern{\'{a}}ndez del
             R{\'{i}}o and Mark Wiebe and Pearu Peterson and Pierre
             G{\'{e}}rard-Marchant and Kevin Sheppard and Tyler Reddy and
             Warren Weckesser and Hameer Abbasi and Christoph Gohlke and
             Travis E. Oliphant},
  year    = {2020},
  month   = sep,
  journal = {Nature},
  volume  = {585},
  number  = {7825},
  pages   = {357--362},
  doi     = {10.1038/s41586-020-2649-2}
}

@inproceedings{PANDAS,
  title        = {Data structures for statistical computing in {P}ython},
  author       = {McKinney, Wes and others},
  booktitle    = {Proceedings of the 9th Python in Science Conference},
  volume       = {445},
  pages        = {51--56},
  year         = {2010},
  organization = {Austin, TX}
}

@incollection{PYTORCH,
  title     = {Py{T}orch: An Imperative Style, High-Performance Deep Learning Library},
  author    = {Paszke, Adam and Gross, Sam and Massa, Francisco and Lerer, Adam and Bradbury, James and Chanan, Gregory and Killeen, Trevor and Lin, Zeming and Gimelshein, Natalia and Antiga, Luca and Desmaison, Alban and Kopf, Andreas and Yang, Edward and DeVito, Zachary and Raison, Martin and Tejani, Alykhan and Chilamkurthy, Sasank and Steiner, Benoit and Fang, Lu and Bai, Junjie and Chintala, Soumith},
  booktitle = {Advances in Neural Information Processing Systems 32},
  pages     = {8024--8035},
  year      = {2019},
  publisher = {Curran Associates, Inc.}
}

@article{ITEMKNN,
  author     = {Deshpande, Mukund and Karypis, George},
  title      = {Item-based top-{N} recommendation algorithms},
  year       = {2004},
  issue_date = {January 2004},
  publisher  = {Association for Computing Machinery},
  address    = {New York, NY, USA},
  volume     = {22},
  number     = {1},
  issn       = {1046-8188},
  url        = {https://doi.org/10.1145/963770.963776},
  doi        = {10.1145/963770.963776},
  journal    = {ACM Trans. Inf. Syst.},
  month      = jan,
  pages      = {143–177},
  numpages   = {35},
  keywords   = {world wide web, predicting user behavior, e-commerce}
}

@inproceedings{EASER,
  series     = {WWW ’19},
  title      = {{E}mbarrassingly {S}hallow {A}utoencoders for {S}parse {D}ata},
  url        = {http://dx.doi.org/10.1145/3308558.3313710},
  doi        = {10.1145/3308558.3313710},
  booktitle  = {The World Wide Web Conference},
  publisher  = {ACM},
  author     = {Steck, Harald},
  year       = {2019},
  month      = may,
  pages      = {3251–3257},
  collection = {WWW ’19}
}

@misc{AUTOCLEAN,
  author       = {Elise Landman},
  title        = {{AutoClean}: Automated Data Preprocessing \& Cleaning},
  howpublished = {\url{https://github.com/elisemercury/AutoClean}},
  institution  = {GitHub},
  year         = {2022},
  month        = mar,
  note         = {Version 1.1.3 (latest release Aug 19, 2022); MIT License},
  url          = {https://github.com/elisemercury/AutoClean}
}

@misc{FASTAPI,
  author       = {Sebastián Ramírez},
  title        = {Fast{API}},
  year         = {2020},
  howpublished = {\url{https://fastapi.tiangolo.com}},
  url          = {https://github.com/fastapi/fastapi}
}

@misc{STARLETTE,
  author       = {Tom Christie and contributors},
  title        = {{Starlette: The little ASGI library that shines}},
  year         = {2018},
  howpublished = {\url{https://github.com/encode/starlette}}
}

@misc{FALKORDB,
  author       = {{FalkorDB developers}},
  title        = {Falkor{DB}: A high-performance graph database leveraging sparse matrices and linear algebra},
  year         = {2025},
  howpublished = {\url{https://github.com/FalkorDB/FalkorDB}},
  url          = {https://github.com/FalkorDB/FalkorDB}
}

@misc{SUPABASE,
  author       = {{Subapase contributors}},
  title        = {Supabase},
  year         = {2025},
  howpublished = {\url{https://github.com/supabase/supabase}},
  note         = {An open-source Firebase alternative built on PostgreSQL}
}

@misc{FIREDUCKS,
  author       = {{FireDucks Development Team}},
  title        = {{FireDucks}: Compiler-accelerated pandas-compatible {D}ata{F}rame library for {P}ython},
  year         = {2023},
  howpublished = {\url{https://fireducks-dev.github.io/}},
  url          = {https://fireducks-dev.github.io/}
}

@misc{DDGS-SEARCH,
  author       = {deedy5},
  title        = {{DDGS: Dux Distributed Global Search}},
  year         = {2025},
  howpublished = {\url{https://github.com/deedy5/ddgs}},
  url          = {https://github.com/deedy5/ddgs}
}

@misc{PYMUPDF,
  author       = {Artifex Software, Inc.},
  title        = {{PyMuPDF}: High-performance {P}ython bindings for {MuPDF}},
  year         = {2025},
  version      = {1.26.1},
  howpublished = {\url{https://github.com/pymupdf/PyMuPDF}},
  url          = {https://github.com/pymupdf/PyMuPDF}
}

@misc{NEXTJS,
  author       = {Vercel Inc.},
  title        = {{Next.js: The React Framework}},
  year         = {2025},
  version      = {15.0.0},
  howpublished = {\url{https://github.com/vercel/next.js}},
  url          = {https://github.com/vercel/next.js}
}

@misc{SHADCN-UI,
  author       = {shadcn},
  title        = {shadcn/ui},
  year         = {2023},
  howpublished = {\url{https://github.com/shadcn-ui/ui}}
}

@misc{NEXT-INTL,
  author       = {{amannn}},
  title        = {next-intl: {I}nternationalization (i18n) for {Next.js}},
  howpublished = {\url{https://github.com/amannn/next-intl}},
  year         = {2025},
  version      = {4.3.1}
}

@misc{ASSISTANT-UI,
  author       = {{Farshid, Simon and contributors}},
  title        = {assistant-ui: {R}eact components for {AI} chat},
  year         = {2025},
  howpublished = {\url{https://www.npmjs.com/package/@assistant-ui/react}},
  url          = {https://github.com/assistant-ui/assistant-ui}
}

@misc{ZOD,
  author       = {Colin McDonnell},
  title        = {Zod: {TypeScript}-First Schema Declaration and Validation Library},
  year         = {2025},
  howpublished = {\url{https://www.npmjs.com/package/zod}}
}

@misc{REACT,
  author       = {Meta and contributors},
  title        = {React: A {J}avaScript library for building user interfaces},
  year         = {2025},
  howpublished = {\url{https://reactjs.org/}}
}

@misc{TAILWIND-CSS,
  author       = {Adam Wathan and Jonathan Reinink and David Hemphill and Steve Schoger},
  title        = {Tailwind {CSS}: A utility-first {CSS} framework},
  year         = {2019},
  howpublished = {\url{https://tailwindcss.com/}}
}

@misc{CHATGPT,
  author       = {OpenAI},
  title        = {{ChatGPT}},
  year         = {2023},
  howpublished = {\url{https://www.chatgpt.com/}}
}

@misc{GEMINI,
  author       = {{Google DeepMind}},
  title        = {Gemini},
  year         = {2023},
  howpublished = {\url{https://www.deepmind.com/research/}}
}

@misc{CLAUDE,
  author       = {Anthropic},
  title        = {Claude},
  year         = {2023},
  howpublished = {\url{https://www.anthropic.com/}}
}

@misc{ZROK,
  author       = {OpenZiti},
  title        = {zrok: An open-source sharing solution},
  year         = {2025},
  howpublished = {\url{https://zrok.io/}}
}

@article{DOCKER,
  title   = {Docker: lightweight linux containers for consistent development and deployment},
  author  = {Merkel, Dirk},
  journal = {Linux journal},
  volume  = {2014},
  number  = {239},
  pages   = {2},
  year    = {2014}
}

@misc{SIEGE,
  author       = {Jeffrey Fulmer},
  title        = {Siege: {HTTP/HTTPS} Load Testing and Benchmarking Utility},
  year         = {2022},
  howpublished = {\url{https://github.com/JoeDog/siege/}},
  note         = {Latest release version 3.0.9; Licensed under GPLv3; website: joedog.org/siege-home}
}

@article{READING-SPEED,
  author  = {Stanford E. Taylor},
  title   = {{Eye Movements in Reading: Facts and Fallacies}},
  journal = {American Educational Research Journal},
  volume  = {2},
  number  = {4},
  pages   = {187-202},
  year    = {1965},
  doi     = {10.3102/00028312002004187},
  url     = {https://doi.org/10.3102/00028312002004187},
  eprint  = {https://doi.org/10.3102/00028312002004187}
}

@misc{OPENWEBUI,
  author       = {{The Open WebUI Community}},
  title        = {{Open WebUI}: A User-Friendly Web Interface for LLMs},
  year         = {2024},
  url          = {https://github.com/open-webui/open-webui},
  howpublished = {\url{https://github.com/open-webui/open-webui}}
}

@misc{PERPLEXITY,
  title        = {Perplexity {AI}},
  howpublished = {\url{https://www.perplexity.ai/}},
  note         = {Accessed: 2025-07-13},
  year         = {2022},
  author       = {{Aravind Srinivas and Denis Yarats and Johnny Ho and Andy Konwinski}},
  organization = {Perplexity AI, Inc.},
  address      = {San Francisco, California, USA},
  keywords     = {AI search engine, large language model, answer engine},
  url          = {https://www.perplexity.ai/}
}

@misc{RECWIZARD,
  title         = {{RecWizard}: A Toolkit for Conversational Recommendation with Modular, Portable Models and Interactive User Interface},
  author        = {Zeyuan Zhang and Tanmay Laud and Zihang He and Xiaojie Chen and Xinshuang Liu and Zhouhang Xie and Julian McAuley and Zhankui He},
  year          = {2024},
  eprint        = {2402.15591},
  archiveprefix = {arXiv},
  primaryclass  = {cs.IR},
  url           = {https://arxiv.org/abs/2402.15591}
}

@misc{PYTEST,
  author       = {Holger Krekel and Bruno Oliveira and Ronny Pfannschmidt and Floris Bruynooghe and Brianna Laugher and Florian Bruhin},
  title        = {pytest 8.4},
  year         = {2004},
  howpublished = {\url{https://github.com/pytest-dev/pytest}},
  note         = {Version 8.4. Contributors include Holger Krekel, Bruno Oliveira, Ronny Pfannschmidt, Floris Bruynooghe, Brianna Laugher, Florian Bruhin, and others.}
}
